@article{knuth84,
  author = {Knuth, Donald E.},
  title = {Literate Programming},
  year = {1984},
  issue_date = {May 1984},
  publisher = {Oxford University Press, Inc.},
  address = {USA},
  volume = {27},
  number = {2},
  issn = {0010-4620},
  url = {https://doi.org/10.1093/comjnl/27.2.97},
  doi = {10.1093/comjnl/27.2.97},
  journal = {Comput. J.},
  month = may,
  pages = {97â€“111},
  numpages = {15}
}

@article{ludwig1978qualitative,
  title={Qualitative analysis of insect outbreak systems: the spruce budworm and forest},
  author={Ludwig, Donald and Jones, Dixon D and Holling, Crawford S and others},
  journal={Journal of animal ecology},
  volume={47},
  number={1},
  pages={315--332},
  year={1978}
}

@book{britton2003essential,
  title={Essential mathematical biology},
  author={Britton, Nicholas F and Britton, NF},
  volume={453},
  year={2003},
  publisher={Springer}
}

@book{edelstein2005mathematical,
  title={Mathematical models in biology},
  author={Edelstein-Keshet, Leah},
  year={2005},
  publisher={SIAM}
}

@book{murray2002mathematical,
  title={Mathematical Biology I: an introduction},
  author={Murray, J. D.},
  year={2002},
  publisher={Springer}
}


